@online{who1,
  author = {{World Health Organization}},
  title = {{Draft landscape and tracker of COVID-19 candidate vaccines}},
  year = 2021,
  url = {https://www.who.int/publications/m/item/draft-landscape-of-covid-19-candidate-vaccines},
  urldate = {2021-04-23}
}

@online{ontario,
  author = {{Public Health Ontario}},
  title = {{COVID-19- What We Know So Far About… Herd Immunity}},
  year = 2021,
  url = {https://www.publichealthontario.ca/-/media/documents/ncov/covid-wwksf/2021/02/wwksf-herd-immunity.pdf?la=en},
  urldate = {2021-05-30}
}



@online{track,
  author = {{McGill COVID19 Vaccine Tracker Team}},
  title = {{COVID-19 Vaccine Tracker}},
  year = 2021,
  url = {https://covid19.trackvaccines.org/vaccines/},
  urldate = {2021-04-28}
}

@article{defigueiredo2020lancet,
  title={Mapping global trends in vaccine confidence and investigating barriers to vaccine uptake: a large-scale retrospective temporal modelling study},
  author={{de Figueiredo}, Alexandre and Simas, Clarissa and Karafillakis, Emilie and Paterson,Pauline and Larson, Heidi J.},
  journal={The Lancet},
  volume={396},
  number={10255},
  pages={898--908},
  year={2020},
  publisher={Elsevier}
}

@online{boyon2020ipsos,
  author = {{Ipsos-World Economic Forum}},
  title = {{Global attitudes: COVID-19 vaccines}},
  year = 2021,
  url = {https://www.ipsos.com/en-ro/global-attitudes-covid-19-vaccine-january-2021},
  urldate = {2021-04-23}
}

@article{Malik2020,
author = {Malik, Amyn and McFadden, SarahAnn and Elharake, Jad and Omer, Saad},
year = {2020},
month = {08},
pages = {100495},
title = {{Determinants of COVID-19 vaccine acceptance in the US}},
volume = {26},
journal = {EClinicalMedicine},
}

@article{kreps2020factors,
  title={{Factors associated with US adults’ likelihood of accepting COVID-19 vaccination}},
  author={Kreps, Sarah and Prasad, Sandip and Brownstein, John S and Hswen, Yulin and Garibaldi, Brian T and Zhang, Baobao and Kriner, Douglas L},
  journal={JAMA Network Open},
  volume={3},
  number={10},
  pages={e2025594--e2025594},
  year={2020},
  publisher={American Medical Association}
}

@article{shekhar2021covid,
  title={{COVID-19 vaccine acceptance among health care workers in the United States}},
  author={Shekhar, Rahul and Sheikh, Abu Baker and Upadhyay, Shubhra and Singh, Mriganka and Kottewar, Saket and Mir, Hamza and Barrett, Eileen and Pal, Suman},
  journal={Vaccines},
  volume={9},
  number={2},
  pages={119},
  year={2021},
  publisher={Multidisciplinary Digital Publishing Institute}
}

@article{dror2020vaccine,
  title={{Vaccine hesitancy: the next challenge in the fight against COVID-19}},
  author={Dror, Amiel A and Eisenbach, Netanel and Taiber, Shahar and Morozov, Nicole G and Mizrachi, Matti and Zigron, Asaf and Srouji, Samer and Sela, Eyal},
  journal={{European Journal of Epidemiology}},
  volume={35},
  number={8},
  pages={775--779},
  year={2020},
  publisher={Springer}
}

@article{fisher2020attitudes,
  title={{Attitudes toward a potential SARS-CoV-2 vaccine: a survey of US adults}},
  author={Fisher, Kimberly A and Bloomstone, Sarah J and Walder, Jeremy and Crawford, Sybil and Fouayzi, Hassan and Mazor, Kathleen M},
  journal={{Annals of Internal Medicine}},
  volume={173},
  number={12},
  pages={964--973},
  year={2020},
  publisher={American College of Physicians}
}

@article{lazarus2020nature,
  title={{A global survey of potential acceptance of a COVID-19 vaccine}},
  author={Lazarus, Jeffrey V and Ratzan, Scott C and Palayew, Adam and Gostin, Lawrence O and Larson, Heidi J and Rabin, Kenneth and Kimball, Spencer and El-Mohandes, Ayman},
  journal={Nature medicine},
  volume={27},
  number={2},
  pages={225--228},
  year={2021},
  publisher={Nature Publishing Group}
}

@article{wouters2021challenges,
  title={Challenges in ensuring global access to COVID-19 vaccines: production, affordability, allocation, and deployment},
  author={Wouters, Olivier J and Shadlen, Kenneth C and Salcher-Konrad, Maximilian and Pollard, Andrew J and Larson, Heidi J and Teerawattananon, Yot and Jit, Mark},
  journal={The Lancet},
  year={2021},
  publisher={Elsevier}
} 


@article{mukherjee,
  author  = {Siddharta Mukherjee}, 
  title   = {Why does the pandemic seem to be hitting some countries harder than others?},
  journal = {New Yorker},   
  date    = {2021-02-22},
  urldate = {2021-04-27},
  url     = {https://www.newyorker.com/magazine/2021/03/01/why-does-the-pandemic-seem-to-be-hitting-some-countries-harder-than-others}
}

@article{brewer2007meta,
title={Meta-analysis of the relationship between risk perception and health behavior: the example of vaccination.},
author={Brewer, Noel T and Chapman, Gretchen B and Gibbons, Frederick X and Gerrard, Meg and McCaul, Kevin D and Weinstein, Neil D},
journal={Health psychology},
volume={26},
number={2},
pages={136},
year={2007},
publisher={American Psychological Association}
}

@article{christensen2020building,
  title={{Building Resilient Health Systems: Experimental Evidence from Sierra Leone and the 2014 Ebola Outbreak}},
  author={Christensen, Darin and Dube, Oeindrila and Haushofer, Johannes and Siddiqi, Bilal and Voors, Maarten},
  journal={The Quarterly Journal of Economics},
  volume={136},
  number={2},
  pages={1145–1198},
  year={2021}
}

@article{Lowes2018,
  title={{The legacy of colonial medicine in Central Africa}},
  author={Lowes, Sara and Montero, Eduardo},
  journal={American Economic Review},
  volume={111},
  number={4},
  pages={1284--1314},
  year={2021}
}


@article{martinez2021vaccines,
  title={{In Vaccines We Trust? The Effects of the Cia's Vaccine Ruse on Immunization in Pakistan}},
  author={Martinez-Bravo, Monica and Stegmann, Andreas},
  year={2021},
  journal={CEPR Discussion Paper No. DP15847}
}

@article{deserrano,
  title={{Promotions and Productivity: The Role of Meritocracy and Pay Progression in the Public Sector}},
  author={Deserranno, Erika and León-Ciliotta, Gianmarco},
  year={2021},
  journal={CEPR Discussion Paper No. DP15837}
}

@article{Jegede2007,
	author = {Jegede, Ayodele Samuel},
	title = {{What led to the Nigerian boycott of the polio vaccination campaign?}},
	volume = {4(3)},
	year = {2007},
	publisher = {PLOS},
	journal = {PLOS Medicine}
}


@article{BLAIR201789,
title = {{Public health and public trust: Survey evidence from the Ebola Virus Disease epidemic in Liberia}},
journal = {Social Science & Medicine},
volume = {172},
pages = {89-97},
year = {2017},
issn = {0277-9536},
doi = {https://doi.org/10.1016/j.socscimed.2016.11.016},
url = {https://www.sciencedirect.com/science/article/pii/S0277953616306256},
author = {Blair, Robert and Morse, Benjamin and Tsai, Lily}
}


@article{ong2021lack,
title={{Lack of detail in population-level data impedes analysis of SARS-CoV-2 variants of concern and clinical outcomes}},
author={Ong, Sean Wei Xiang and Young, Barnaby Edward and Lye, David Chien},
journal={The Lancet Infectious Diseases},
year={2021},
publisher={Elsevier}
}


@online{lancettask,
  author = {{The Lancet COVID-19 Comission Task Force on Public Health Measures to Suppress the Pandemic}},
  title = {{SARS-CoV-2 variants: the need for urgent public health action beyond vaccines}},
  year = 2021,
  url = {https://covid19commission.org/public-health-measures},
  urldate = {2020-04-28}
}


@article{chou2020considering,
  title={Considering Emotion in COVID-19 vaccine communication: addressing vaccine hesitancy and fostering vaccine confidence},
  author={Chou, Wen-Ying Sylvia and Budenz, Alexandra},
  journal={Health communication},
  volume={35},
  number={14},
  pages={1718--1722},
  year={2020},
  publisher={Taylor \& Francis}
}




@article{stein2017golden,
  title={The golden age of anti-vaccine conspiracies},
  author={Stein, Richard A},
  journal={Germs},
  volume={7},
  number={4},
  pages={168},
  year={2017},
  publisher={European Academy of HIV/AIDS and Infectious Diseases}
}

@article{wadman2020public,
  title={Public needs to prep for vaccine side effects},
  author={Wadman, Meredith},
  journal={Science},
  volume={370},
  number={6520},
  pages={1022--1022},
  year={2020}
}

@article{aaslund2020responses,
  title={Responses to the COVID-19 crisis in Russia, Ukraine, and Belarus},
  author={{\AA}slund, Anders},
  journal={Eurasian Geography and Economics},
  volume={61},
  number={4-5},
  pages={532--545},
  year={2020},
  publisher={Taylor \& Francis}
}



@article{baden2021efficacy,
  title={Efficacy and safety of the mRNA-1273 SARS-CoV-2 vaccine},
  author={Baden, Lindsey R and El Sahly, Hana M and Essink, Brandon and Kotloff, Karen and Frey, Sharon and Novak, Rick and Diemert, David and Spector, Stephen A and Rouphael, Nadine and Creech, C Buddy and others},
  journal={New England Journal of Medicine},
  volume={384},
  number={5},
  pages={403--416},
  year={2021},
  publisher={Mass Medical Soc}
}

@article{polack2020safety,
  title={Safety and efficacy of the BNT162b2 mRNA Covid-19 vaccine},
  author={Polack, Fernando P and Thomas, Stephen J and Kitchin, Nicholas and Absalon, Judith and Gurtman, Alejandra and Lockhart, Stephen and Perez, John L and P{\'e}rez Marc, Gonzalo and Moreira, Edson D and Zerbini, Cristiano and others},
  journal={New England Journal of Medicine},
  volume={383},
  number={27},
  pages={2603--2615},
  year={2020},
  publisher={Mass Medical Soc}
}

@article{loomba_measuring_2021,
	title = {Measuring the impact of {COVID}-19 vaccine misinformation on vaccination intent in the {UK} and {USA}},
	issn = {2397-3374},
	url = {https://doi.org/10.1038/s41562-021-01056-1},
	doi = {10.1038/s41562-021-01056-1},
	journal = {Nature Human Behaviour},
	author = {Loomba, Sahil and {de Figueiredo}, Alexandre and Piatek, Simon J. and de Graaf, Kristen and Larson, Heidi J.},
	month = feb,
	year = {2021}
}

@article{aschwanden2021five,
  title={Five reasons why COVID herd immunity is probably impossible.},
  author={Aschwanden, Christie},
  journal={Nature},
  volume={591},
  number={7851},
  pages={520--522},
  year={2021}
}

@article{mcneil_2021, 
  title={How Much Herd Immunity Is Enough?}, 
  journal={The New York Times}, 
  author={McNeil, Donald G.}, 
  year={2021}, 
  month={Apr}
} 
  
@article{mceachanetal2011,
author = {Mceachan, Rosemary and Conner, Mark and Taylor, Natalie and Lawton, Rebecca},
year = {2011},
month = {10},
pages = {97},
title = {Prospective Prediction of Health-related Behaviours with the Theory of Planned Behaviour: A Meta-analysis},
volume = {5},
journal = {Health Psychology Review},}
}

@article{burki2020russian,
  title={The Russian vaccine for COVID-19},
  author={Burki, Talha Khan},
  journal={The Lancet Respiratory Medicine},
  volume={8},
  number={11},
  pages={e85--e86},
  year={2020},
  publisher={Elsevier}
}

@article{larson2011addressing,
  title={Addressing the vaccine confidence gap},
  author={Larson, Heidi J and Cooper, Louis Z and Eskola, Juhani and Katz, Samuel L and Ratzan, Scott},
  journal={The Lancet},
  volume={378},
  number={9790},
  pages={526--535},
  year={2011},
  publisher={Elsevier}
}

@article{alatas2019celebrities,
  author  = {Alatas, Vivi and Chandrasekhar, Arun G and Mobius, Markus and Olken, Benjamin A and Paladines, Cindy}, 
  title   = {When celebrities speak: A nationwide twitter experiment promoting vaccination in Indonesia},
  journal = {National Bureau of Economic Research},
  year    = 2019,
  number  = 25589
}

@article{bokemper2021timing,
title={Timing of COVID-19 vaccine approval and endorsement by public figures},
author={Bokemper, Scott E and Huber, Gregory A and Gerber, Alan S and James, Erin K and Omer, Saad B},
journal={Vaccine},
volume={39},
number={5},
pages={825--829},
year={2021},
publisher={Elsevier}
}




@article{katzman2021primary,
  title={Primary Care Clinicians as COVID-19 Vaccine Ambassadors},
  author={Katzman, Joanna G and Katzman, Jeffrey W},
  journal={Journal of Primary Care \& Community Health},
  volume={12},
  pages={21501327211007026},
  year={2021},
  publisher={SAGE Publications Sage CA: Los Angeles, CA}
}


@article{milkmanetal2021a,
title={A Mega-Study of Text-Based Nudges Encouraging Patients to Get Vaccinated at an Upcoming Doctor’s Appointment},
author={Milkman, Katherine L and Patel, Mitesh S and Gandhi, Linnea and Graci, Heather and Gromet, Dena and Ho, Hung and Kay, Joseph and Lee, Timothy and Akinola, Modupe and Beshears, John and others},
year={2021}
}

@article{milkmanetal2021b,
title={A Mega-Study of Text-Message Nudges Encouraging Patients to Get Vaccinated at their Pharmacy},
author={Milkman, Katherine L and Patel, Mitesh S and Gandhi, Linnea and Graci, Heather and Gromet, Dena and Ho, Hung and Kay, Joseph and Lee, Timothy and Bogard, Jon and Brody, Ilana and others},
year={2021}
}

@article{gibsonetal2017,
title={{Mobile phone-delivered reminders and incentives to improve childhood immunisation coverage and timeliness in Kenya (M-SIMU): a cluster randomised controlled trial}},
author={Gibson, Dustin G and Ochieng, Benard and Kagucia, E Wangeci and Were, Joyce and Hayford, Kyla and Moulton, Lawrence H and Levine, Orin S and Odhiambo, Frank and O'Brien, Katherine L and Feikin, Daniel R},
journal={The Lancet Global Health},
volume={5},
number={4},
pages={e428--e438},
year={2017},
publisher={Elsevier}
}


@article{levine2021,
title={{Mobile Nudges and Financial Incentives to Improve Coverage of Timely Neonatal Vaccination in Rural Areas (GEVaP trial): A 3-armed Cluster Randomized Controlled Trial in Northern Ghana}},
author={Levine, Gillian and Salifu, Amadu and Mohammed, Issah and Fink, Günther},
journal={PLOS One},
year={2021},
}

@online{idinsight,
  author = {{ID Insight}},
  title = {{Impact of conditional cash transfers on routine childhood immunizations in North West Nigeria}},
  year = 2020,
  url = {https://files.givewell.org/files/DWDA%202009/NewIncentives/IDinsight_Impact_Evaluation_of_New_Incentives_Final_Report.pdf},
  urldate = {2021-02-04}
}


@article{Banerjee2010,
	author = {Banerjee, Abhijit Vinayak and Duflo, Esther and Glennerster, Rachel and Kothari, Dhruva},
	title = {{Improving immunisation coverage in rural India: clustered randomised controlled evaluation of immunisation campaigns with and without incentives}},
	volume = {340},
	year = {2010},
	publisher = {BMJ Publishing Group Ltd},
	journal = {BMJ}
}





@article{karing2018social,
  title={Social signaling and childhood immunization: A field experiment in Sierra Leone},
  author={Karing, Anne},
  journal={University of California, Berkeley Working Paper},
  year={2018}
}


@article{argote2021messaging,
  title={Messaging interventions that increase COVID-19 vaccine willingness in Latin America},
  author={Argote, Pablo and Barham, Elena and Daly, Sarah and Gerez, Julian and Marshall, John and Pocasangre, Oscar},
  journal={SSRN 3812023},
  year={2021}
}

@online{wbage,
  author = {{World Bank}},
  title = {{World Development Indicators: Life expectancy at birth, total (years) - Low & middle income, Low income countries [Data file]}},
  year = 2018,
  url = {https://data.worldbank.org/indicator/SP.DYN.LE00.IN?locations=XO-XM},
  urldate = {2021-02-03}
}

@online{WorldBanksubSahara,
  author = {{World Bank}},
  title = {{World Bank staff estimates based on age/sex distributions of United Nations Population Division's World Population Prospects: 2019 Revision, Population ages 65 and above (\% of total population) - Sub-Saharan Africa [Data file]}},
  year = 2019,
  url = {https://data.worldbank.org/indicator/SP.POP.65UP.TO.ZS?locations=ZG},
  urldate = {2021-02-03}
}



@article{voysey2021safety,
title={Safety and efficacy of the ChAdOx1 nCoV-19 vaccine (AZD1222) against SARS-CoV-2: an interim analysis of four randomised controlled trials in Brazil, South Africa, and the UK},
author={Voysey, Merryn and Clemens, Sue Ann Costa and Madhi, Shabir A and Weckx, Lily Y and Folegatti, Pedro M and Aley, Parvinder K and Angus, Brian and Baillie, Vicky L and Barnabas, Shaun L and Bhorat, Qasim E and others},
journal={The Lancet},
volume={397},
number={10269},
pages={99--111},
year={2021},
publisher={Elsevier}
}

@article{logunov2021safety,
  title={Safety and efficacy of an rAd26 and rAd5 vector-based heterologous prime-boost COVID-19 vaccine: an interim analysis of a randomised controlled phase 3 trial in Russia},
  author={Logunov, Denis Y and Dolzhikova, Inna V and Shcheblyakov, Dmitry V and Tukhvatulin, Amir I and Zubkova, Olga V and Dzharullaeva, Alina S and Kovyrshina, Anna V and Lubenets, Nadezhda L and Grousova, Daria M and Erokhova, Alina S and others},
  journal={The Lancet},
  volume={397},
  number={10275},
  pages={671--681},
  year={2021},
  publisher={Elsevier}
}

@online{who2020behavioral,
  author = {{World Health Organization}},
  title = {{Behavioural considerations for acceptance and uptake of COVID-19 vaccines: WHO technical advisory group on behavioural insights and sciences for health, meeting report, 15 October 2020}},
  year = 2020,
  url = {https://apps.who.int/iris/handle/10665/337335},
  urldate = {2021-04-28}
}

@online{whodata,
  author = {{World Health Organization}},
  title = {{Data for action: achieving high uptake of COVID-19 vaccines}},
  year = 2021,
  url = {https://www.who.int/publications/i/item/WHO-2019-nCoV-vaccination-demand-planning-2021.1},
  urldate = {2021-04-30}
}

@article{folegatti2020safety,
title={Safety and immunogenicity of the ChAdOx1 nCoV-19 vaccine against SARS-CoV-2: a preliminary report of a phase 1/2, single-blind, randomised controlled trial},
author={Folegatti, Pedro M and Ewer, Katie J and Aley, Parvinder K and Angus, Brian and Becker, Stephan and Belij-Rammerstorfer, Sandra and Bellamy, Duncan and Bibi, Sagida and Bittaye, Mustapha and Clutterbuck, Elizabeth A and others},
journal={The Lancet},
volume={396},
number={10249},
pages={467--478},
year={2020},
publisher={Elsevier}
}

@article{mulligan2020phase,
title={Phase I/II study of COVID-19 RNA vaccine BNT162b1 in adults},
author={Mulligan, Mark J and Lyke, Kirsten E and Kitchin, Nicholas and Absalon, Judith and Gurtman, Alejandra and Lockhart, Stephen and Neuzil, Kathleen and Raabe, Vanessa and Bailey, Ruth and Swanson, Kena A and others},
journal={Nature},
volume={586},
number={7830},
pages={589--593},
year={2020},
publisher={Nature Publishing Group}
}

@article{shapiro2018vaccine,
title={The vaccine hesitancy scale: Psychometric properties and validation},
author={Shapiro, Gilla K and Tatar, Ovidiu and Dube, Eve and Amsel, Rhonda and Knauper, Barbel and Naz, Anila and Perez, Samara and Rosberger, Zeev},
journal={Vaccine},
volume={36},
number={5},
pages={660--667},
year={2018},
publisher={Elsevier}
}

@article{betsch2018beyond,
title={Beyond confidence: Development of a measure assessing the 5C psychological antecedents of vaccination},
author={Betsch, Cornelia and Schmid, Philipp and Heinemeier, Dorothee and Korn, Lars and Holtmann, Cindy and B{\"o}hm, Robert},
journal={PloS one},
volume={13},
number={12},
pages={e0208601},
year={2018},
publisher={Public Library of Science San Francisco, CA USA}
}

@article{gilkey2014vaccination,
title={The Vaccination Confidence Scale: a brief measure of parents’ vaccination beliefs},
author={Gilkey, Melissa B and Magnus, Brooke E and Reiter, Paul L and McRee, Annie-Laurie and Dempsey, Amanda F and Brewer, Noel T},
journal={Vaccine},
volume={32},
number={47},
pages={6259--6265},
year={2014},
publisher={Elsevier}
}

@article{domek2018measuring,
title={Measuring vaccine hesitancy: Field testing the WHO SAGE Working Group on Vaccine Hesitancy survey tool in Guatemala},
author={Domek, Gretchen J and O'Leary, Sean T and Bull, Sheana and Bronsert, Michael and Contreras-Roldan, Ingrid L and Ventura, Guillermo Antonio Bola{\~n}os and Kempe, Allison and Asturias, Edwin J},
journal={Vaccine},
volume={36},
number={35},
pages={5273--5281},
year={2018},
publisher={Elsevier}
}

@article{brewer2017increasing,
title={Increasing vaccination: putting psychological science into action},
author={Brewer, Noel T and Chapman, Gretchen B and Rothman, Alexander J and Leask, Julie and Kempe, Allison},
journal={Psychological Science in the Public Interest},
volume={18},
number={3},
pages={149--207},
year={2017},
publisher={Sage Publications Sage CA: Los Angeles, CA}
}

@article{ali2019polio,
  title={Polio vaccination controversy in Pakistan},
  author={Ali, Mohammad and Ahmad, Nisar and Khan, Haji and Ali, Shahid and Akbar, Fazal and Hussain, Zahid},
  journal={The Lancet},
  volume={394},
  number={10202},
  pages={915--916},
  year={2019},
  publisher={Elsevier}
}

@book{world2017world,
  title={World development report 2018: Learning to realize education's promise},
  author={World Bank},
  year={2017},
  publisher={The World Bank}
}

@article{hornsey2020donald,
  title={Donald Trump and vaccination: The effect of political identity, conspiracist ideation and presidential tweets on vaccine hesitancy},
  author={Hornsey, Matthew J and Finlayson, Matthew and Chatwood, Gabrielle and Begeny, Christopher T},
  journal={Journal of Experimental Social Psychology},
  volume={88},
  pages={103947},
  year={2020},
  publisher={Elsevier}
}

@article{robbins2012cia,
  title={The CIA's vaccination ruse.},
  author={Robbins, A},
  journal={Journal of Public Health Policy},
  volume={33},
  number={4},
  pages={387--389},
  year={2012}
}

@article{callaway2020russia,
title={Russia's fast-track coronavirus vaccine draws outrage over safety},
author={Callaway, Ewen},
journal={Nature},
volume={584},
number={7821},
pages={334--335},
year={2020}
}

@article{betsch2013inviting,
title={Inviting free-riders or appealing to prosocial behavior? game-theoretical reflections on communicating herd immunity in vaccine advocacy.},
author={Betsch, Cornelia and B{\"o}hm, Robert and Korn, Lars},
journal={Health Psychology},
volume={32},
number={9},
pages={978},
year={2013},
publisher={American Psychological Association}
}

@article{ashraf2014no,
title={No margin, no mission? A field experiment on incentives for public service delivery},
author={Ashraf, Nava and Bandiera, Oriana and Jack, B Kelsey},
journal={Journal of public economics},
volume={120},
pages={1--17},
year={2014},
publisher={Elsevier}
}

@article{van2020using,
title={Using social and behavioural science to support COVID-19 pandemic response},
author={Van Bavel, Jay J and Baicker, Katherine and Boggio, Paulo S and Capraro, Valerio and Cichocka, Aleksandra and Cikara, Mina and Crockett, Molly J and Crum, Alia J and Douglas, Karen M and Druckman, James N and others},
journal={Nature human behaviour},
volume={4},
number={5},
pages={460--471},
year={2020},
publisher={Nature Publishing Group}
}

@article{dube2015strategies,
title={Strategies intended to address vaccine hesitancy: Review of published reviews},
author={Dub{\'e}, Eve and Gagnon, Dominique and MacDonald, Noni E and others},
journal={Vaccine},
volume={33},
number={34},
pages={4191--4203},
year={2015},
publisher={Elsevier}
}



@article{goldstein2015health,
title={Health communication and vaccine hesitancy},
author={Goldstein, Susan and MacDonald, Noni E and Guirguis, Sherine and others},
journal={Vaccine},
volume={33},
number={34},
pages={4212--4214},
year={2015},
publisher={Elsevier}
}

@article{jalloh2020mobilize,
title={Mobilize to vaccinate: lessons learned from social mobilization for immunization in low and middle-income countries},
author={Jalloh, Mohamed F and Wilhelm, Elisabeth and Abad, Neetu and Prybylski, Dimitri},
journal={Human vaccines \& immunotherapeutics},
volume={16},
number={5},
pages={1208--1214},
year={2020},
publisher={Taylor \& Francis}
}


@article{puri2020social,
  title={Social media and vaccine hesitancy: new updates for the era of COVID-19 and globalized infectious diseases},
  author={Puri, Neha and Coomes, Eric A and Haghbayan, Hourmazd and Gunaratne, Keith},
  journal={Human Vaccines \& Immunotherapeutics},
  pages={1--8},
  year={2020},
  publisher={Taylor \& Francis}
}

@article{biccard2021patient,
  title={Patient care and clinical outcomes for patients with COVID-19 infection admitted to African high-care or intensive care units (ACCCOS): a multicentre, prospective, observational cohort study},
  author={Biccard, Bruce M and Gopalan, Pragasan Dean and Miller, Malcolm and Michell, William Lance and Thomson, David and Ademuyiwa, Adesoji and Aniteye, Ernest and Calligaro, Greg and Chaibou, Maman Sani and Dhufera, Hailu Tamiru and others},
  journal={The Lancet},
  volume={397},
  number={10288},
  pages={1885--1894},
  year={2021},
  publisher={Elsevier}
}

@article{rice2021variation,
  title={Variation in SARS-CoV-2 outbreaks across sub-Saharan Africa},
  author={Rice, Benjamin L and Annapragada, Akshaya and Baker, Rachel E and Bruijning, Marjolein and Dotse-Gborgbortsi, Winfred and Mensah, Keitly and Miller, Ian F and Motaze, Nkengafac Villyen and Raherinandrasana, Antso and Rajeev, Malavika and others},
  journal={Nature Medicine},
  volume={27},
  number={3},
  pages={447--453},
  year={2021},
  publisher={Nature Publishing Group}
}

@article{maeda2021puzzle,
  title={The puzzle of the COVID-19 pandemic in Africa},
  author={Maeda, Justin M and Nkengasong, John N},
  journal={Science},
  volume={371},
  number={6524},
  pages={27--28},
  year={2021},
  publisher={American Association for the Advancement of Science}
}

@article{dong2020interactive,
  title={An interactive web-based dashboard to track COVID-19 in real time},
  author={Dong, Ensheng and Du, Hongru and Gardner, Lauren},
  journal={The Lancet infectious diseases},
  volume={20},
  number={5},
  pages={533--534},
  year={2020},
  publisher={Elsevier}
}

@article{coppock2019validating,
  title={Validating the demographic, political, psychological, and experimental results obtained from a new source of online survey respondents},
  author={Coppock, Alexander and McClellan, Oliver A},
  journal={Research \& Politics},
  volume={6},
  number={1},
  pages={2053168018822174},
  year={2019},
  publisher={SAGE Publications Sage UK: London, England}
}